@article{sec,
author = {Leemon Baird and William Bahn},
year = {2008},
month = {12},
pages = {},
title = {Security Analysis of BBC Coding}
}

@article{udsss,
author = {Christina Pöpper and Mario Strasser and Srdjan Čapkun},
title = {Jamming-resistant Broadcast Communication without Shared Keys},
year = {2009},
month = {08},
}

@article{thesis,
author = {William Bahn},
title = {Concurrent Code Spread Spectrum: Theory and Performance Analysis of Jam Resistant Communication Without Shared Secrets},
year = {2012},
month = {},
publisher  = {University of Colorado at Colorado Springs, Colorado}
}

@article{glowworm,
author = {Leemon Baird and Martin Carlisle and William Bahn and Eric Smith},
title = {The Glowworm Hash: Increased Speed and Security for BBC Unkeyed Jam Resistance},
year = {2012},
month = {12},
publisher  = {IEEE Military Communications Converence}
}

@article{ogBBC,
author = {William L. Bahn and Leemon C. Baird and Michael D. Collins},
title = {Jam Resistant Communications without Shared Secrets},
year = {2008},
month = {4},
publisher  = {3rd International Conference on Information Warfare and Security (ICIW08)}
}

@misc{grcissue, title={Embedded python block - cannot make variable input/output length -- issue \#4196 -- gnuradio/gnuradio}, url={https://github.com/gnuradio/gnuradio/issues/4196}, journal={GitHub}, author={Gnuradio}} 